<?xml version="1.0" encoding="UTF-8"?><collection xmlns="http://www.loc.gov/MARC21/slim"><record><leader>00332nam--2200133-i-4500</leader><controlfield tag="001">000017116</controlfield><controlfield tag="002">20161230</controlfield><controlfield tag="005">20161230201032</controlfield><controlfield tag="008">060222s1000------------r-----000-0-eng-d</controlfield><datafield ind1=" " ind2=" " tag="080"><subfield code="a">621.039</subfield></datafield><datafield ind1=" " ind2=" " tag="245"><subfield code="a">Where are we now on nuclear power?</subfield></datafield><datafield ind1=" " ind2=" " tag="260"><subfield code="a">London, 1991. 86 P</subfield></datafield><datafield ind1=" " ind2=" " tag="490"><subfield code="a">Institute Of Energy Seminar Series</subfield></datafield><datafield ind1=" " ind2=" " tag="852"><subfield code="a">80092</subfield></datafield></record></collection>